<?xml version="1.0" encoding="UTF-8" ?>
<collection xmlns:xsi="http://www.w3.org/2001/XMLSchema-instance"
    xsi:schemaLocation="http://www.loc.gov/MARC21/slim
        http://www.loc.gov/standards/marcxml/schema/MARC21slim.xsd"
    xmlns="http://www.loc.gov/MARC21/slim">
<record>
  <leader>00212cam a2200385 i 4500</leader>
  <controlfield tag="001">b17622979</controlfield>
  <controlfield tag="003">LeBAU</controlfield>
  <controlfield tag="005">20170907</controlfield>
  <controlfield tag="008">130117s1937    le            ||0 j ara d</controlfield>
  <datafield tag="040" ind1=" " ind2=" ">
    <subfield code="a">LEAUB</subfield>
    <subfield code="b">ara</subfield>
    <subfield code="e">rda</subfield>
    <subfield code="c">LEAUB</subfield>
  </datafield>
  <datafield tag="082" ind1="0" ind2="4">
    <subfield code="a">892.78</subfield>
    <subfield code="2">23</subfield>
  </datafield>
  <datafield tag="100" ind1="1" ind2=" ">
    <subfield code="6">880-01</subfield>
    <subfield code="a">Nuʻaymah, Mīkhāʼīl,</subfield>
    <subfield code="d">1889-1988,</subfield>
    <subfield code="e">author.</subfield>
  </datafield>
  <datafield tag="245" ind1="1" ind2="0">
    <subfield code="6">880-02</subfield>
    <subfield code="a">Kāna mā kān :</subfield>
    <subfield code="b">majmū‘at qiṣaṣ /</subfield>
    <subfield code="c">bi-qalam Mīkhā’īl Nu‘aymah.</subfield>
  </datafield>
  <datafield tag="264" ind1=" " ind2="1">
    <subfield code="6">880-03</subfield>
    <subfield code="a">Bayrūt :</subfield>
    <subfield code="b">Manshūrāt al-Makshūf,</subfield>
    <subfield code="c">1937.</subfield>
  </datafield>
  <datafield tag="300" ind1=" " ind2=" ">
    <subfield code="6">880-04</subfield>
    <subfield code="a">142 pages ;</subfield>
    <subfield code="c">21 cm</subfield>
  </datafield>
  <datafield tag="336" ind1=" " ind2=" ">
    <subfield code="a">text</subfield>
    <subfield code="b">txt</subfield>
    <subfield code="2">rdacontent</subfield>
  </datafield>
  <datafield tag="337" ind1=" " ind2=" ">
    <subfield code="a">unmediated</subfield>
    <subfield code="b">n</subfield>
    <subfield code="2">rdamedia</subfield>
  </datafield>
  <datafield tag="338" ind1=" " ind2=" ">
    <subfield code="a">volume</subfield>
    <subfield code="b">nc</subfield>
    <subfield code="2">rdacarrier</subfield>
  </datafield>
  <datafield tag="541" ind1=" " ind2=" ">
    <subfield code="c">هبة؛</subfield>
    <subfield code="a">د. سمير الصليبي؛</subfield>
    <subfield code="3">نسخة مكتبة يافث.</subfield>
  </datafield>
  <datafield tag="585" ind1=" " ind2=" ">
    <subfield code="a">Exhibited: "Dr. Samir Saleeby Exhibit," organized by Jafet Library, 9-13 March 2015.</subfield>
  </datafield>
  <datafield tag="655" ind1=" " ind2="4">
    <subfield code="a">قصص قصيرة.</subfield>
  </datafield>
  <datafield tag="655" ind1=" " ind2="0">
    <subfield code="a">Short stories.</subfield>
  </datafield>
  <datafield tag="775" ind1="0" ind2=" ">
    <subfield code="6">880-05</subfield>
    <subfield code="t">Kāna mā kān.</subfield>
    <subfield code="b">al-Ṭab‘ah al-‘āshirah</subfield>
    <subfield code="d">Bayrūt : Mu’assasat Nawfal. 1974</subfield>
    <subfield code="w">(OCoLC)784452182</subfield>
    <subfield code="w">(OCoLC)784452182</subfield>
  </datafield>
  <datafield tag="852" ind1=" " ind2=" ">
    <subfield code="a">Jafet Archives and Special Collections</subfield>
    <subfield code="e">American University of Beirut, Bliss Street, Beirut, ‎Lebanon.‎</subfield>
  </datafield>
  <datafield tag="852" ind1=" " ind2=" ">
    <subfield code="a">Jafet Library</subfield>
    <subfield code="e">American University of Beirut, Bliss Street, Beirut, Lebanon.‎</subfield>
  </datafield>
  <datafield tag="880" ind1="1" ind2=" ">
    <subfield code="6">100-01/(3/r</subfield>
    <subfield code="a">نعيمة، ميخائيل،</subfield>
    <subfield code="d">1889-1988،</subfield>
    <subfield code="e">مؤلف. </subfield>
    <subfield code="4">aut.</subfield>
  </datafield>
  <datafield tag="880" ind1="1" ind2="0">
    <subfield code="6">245-02/(3/r</subfield>
    <subfield code="a">كان ما كان :</subfield>
    <subfield code="b">مجموعة قصص /</subfield>
    <subfield code="c">بقلم ميخائيل نعيمة.</subfield>
  </datafield>
  <datafield tag="880" ind1=" " ind2="1">
    <subfield code="6">264-03/(3/r</subfield>
    <subfield code="a">بيروت :</subfield>
    <subfield code="b">منشورات المكشوف،</subfield>
    <subfield code="c">1937.</subfield>
  </datafield>
  <datafield tag="880" ind1=" " ind2=" ">
    <subfield code="6">300-04/(3/r</subfield>
    <subfield code="a">142 صفحة ؛</subfield>
    <subfield code="c">21 سم</subfield>
  </datafield>
  <datafield tag="880" ind1="0" ind2=" ">
    <subfield code="6">775-05/(3/r</subfield>
    <subfield code="t">كان ما كان.</subfield>
    <subfield code="b">الطبعة العاشرة</subfield>
    <subfield code="d">بيروت : مؤسسة نوفل، 1974</subfield>
    <subfield code="w">b12657323</subfield>
    <subfield code="w">(OCoLC)784452182</subfield>
  </datafield>
  <datafield tag="907" ind1=" " ind2=" ">
    <subfield code="a">.b17622979</subfield>
    <subfield code="b">17-10-02</subfield>
    <subfield code="c">13-01-17</subfield>
  </datafield>
  <datafield tag="907" ind1=" " ind2=" ">
    <subfield code="a">.b17622979</subfield>
    <subfield code="b">15-10-30</subfield>
    <subfield code="c">13-01-17</subfield>
  </datafield>
  <datafield tag="945" ind1=" " ind2=" ">
    <subfield code="f">CA</subfield>
    <subfield code="a">892.78:N962kA:1937</subfield>
    <subfield code="i">00498215</subfield>
    <subfield code="j">.i19547456</subfield>
    <subfield code="l">u0304</subfield>
  </datafield>
  <datafield tag="945" ind1=" " ind2=" ">
    <subfield code="f">J</subfield>
    <subfield code="a">892.78:N962kA:1937</subfield>
    <subfield code="i">00484989</subfield>
    <subfield code="j">.i19846125</subfield>
    <subfield code="l">u0503</subfield>
  </datafield>
  <datafield tag="998" ind1=" " ind2=" ">
    <subfield code="a">u03</subfield>
    <subfield code="a">u05</subfield>
    <subfield code="b">14-08-26</subfield>
    <subfield code="c">m</subfield>
    <subfield code="d">a</subfield>
    <subfield code="e">-</subfield>
    <subfield code="f">ara</subfield>
    <subfield code="g">le </subfield>
    <subfield code="h">0</subfield>
    <subfield code="i">0</subfield>
  </datafield>
</record>
</collection>
